@article{DBLP:journals/corr/abs-1812-01718,
  author       = {Tarin Clanuwat and
                  Mikel Bober{-}Irizar and
                  Asanobu Kitamoto and
                  Alex Lamb and
                  Kazuaki Yamamoto and
                  David Ha},
  title        = {Deep Learning for Classical Japanese Literature},
  journal      = {CoRR},
  volume       = {abs/1812.01718},
  year         = {2018},
  url          = {http://arxiv.org/abs/1812.01718},
  eprinttype    = {arXiv},
  eprint       = {1812.01718},
  timestamp    = {Thu, 14 Oct 2021 09:15:14 +0200},
  biburl       = {https://dblp.org/rec/journals/corr/abs-1812-01718.bib},
  bibsource    = {dblp computer science bibliography, https://dblp.org}
}

@online{chollet2015keras,
  title={Keras},
  author={Chollet, Francois and others},
  year={2015},
  publisher={GitHub},
  url={https://github.com/fchollet/keras},
}

@misc{tensorflow2015-whitepaper,
title={ {TensorFlow}: Large-Scale Machine Learning on Heterogeneous Systems},
url={https://www.tensorflow.org/},
note={Software available from tensorflow.org},
author={
    Mart\'{i}n~Abadi and
    Ashish~Agarwal and
    Paul~Barham and
    Eugene~Brevdo and
    Zhifeng~Chen and
    Craig~Citro and
    Greg~S.~Corrado and
    Andy~Davis and
    Jeffrey~Dean and
    Matthieu~Devin and
    Sanjay~Ghemawat and
    Ian~Goodfellow and
    Andrew~Harp and
    Geoffrey~Irving and
    Michael~Isard and
    Yangqing Jia and
    Rafal~Jozefowicz and
    Lukasz~Kaiser and
    Manjunath~Kudlur and
    Josh~Levenberg and
    Dandelion~Man\'{e} and
    Rajat~Monga and
    Sherry~Moore and
    Derek~Murray and
    Chris~Olah and
    Mike~Schuster and
    Jonathon~Shlens and
    Benoit~Steiner and
    Ilya~Sutskever and
    Kunal~Talwar and
    Paul~Tucker and
    Vincent~Vanhoucke and
    Vijay~Vasudevan and
    Fernanda~Vi\'{e}gas and
    Oriol~Vinyals and
    Pete~Warden and
    Martin~Wattenberg and
    Martin~Wicke and
    Yuan~Yu and
    Xiaoqiang~Zheng},
  year={2015},
}